@book{liu2003several,
  title={Several New Methods on Computational Fluid Dynamics (in Chinese)},
  author={Liu, Ruxun and Shu, Qiwang},
  year={2003},
  publisher={Science Press}
}

@article{leonard1979stable,
  title={A stable and accurate convective modelling procedure based on quadratic upstream interpolation},
  author={Leonard, Brian P},
  journal={Computer methods in applied mechanics and engineering},
  volume={19},
  number={1},
  pages={59--98},
  year={1979},
  publisher={Elsevier}
}

@article{lax1956survey,
  title={Survey of the stability of linear finite difference equations},
  author={Lax, Peter D and Richtmyer, Robert D},
  journal={Communications on pure and applied mathematics},
  volume={9},
  number={2},
  pages={267--293},
  year={1956},
  publisher={Wiley Online Library}
}

@article{li2001computational,
  title={Computational uncertainty principle in nonlinear ordinary differential equations},
  author={Li, Jianping and Zeng, Qingcun and Chou, Jifan},
  journal={Science in China Series E: Technological Sciences},
  volume={44},
  number={1},
  pages={55--74},
  year={2001},
  publisher={Springer}
}

@article{abgrall2011construction,
  title={Construction of very high order residual distribution schemes for steady inviscid flow problems on hybrid unstructured meshes},
  author={Abgrall, Remi and Larat, Adam and Ricchiuto, Mario},
  journal={Journal of Computational Physics},
  volume={230},
  number={11},
  pages={4103--4136},
  year={2011},
  publisher={Elsevier}
}

@article{xia2015third,
  title={A third-order implicit discontinuous Galerkin method based on a Hermite WENO reconstruction for time-accurate solution of the compressible Navier--Stokes equations},
  author={Xia, Yidong and Liu, Xiaodong and Luo, Hong and Nourgaliev, Robert},
  journal={International Journal for Numerical Methods in Fluids},
  volume={79},
  number={8},
  pages={416--435},
  year={2015},
  publisher={Wiley Online Library}
}
